<collection>
<record>
<leader>05890cjcaa22008297a 4500</leader>
<controlfield tag="001">16150016</controlfield>
<controlfield tag="005">20190205103850.0</controlfield>
<controlfield tag="007">sw ||n|n|||n|e</controlfield>
<controlfield tag="008">100323i19501960xx mu|| gem </controlfield>
<datafield ind1=" " ind2=" " tag="906">
<subfield code="a">7</subfield>
<subfield code="b">cbc</subfield>
<subfield code="c">orignew</subfield>
<subfield code="d">u</subfield>
<subfield code="e">ncip</subfield>
<subfield code="f">20</subfield>
<subfield code="g">y-folklife</subfield>
</datafield>
<datafield ind1=" " ind2=" " tag="955">
<subfield code="a">mkru 2010-03-22</subfield>
<subfield code="a">mkru 2013-01-17</subfield>
<subfield code="a">mkru 2013-02-06</subfield>
<subfield code="a">mkru 2013-05-07</subfield>
<subfield code="a">mkru 2015-11-12</subfield>
<subfield code="a">mkru 2016-02-23</subfield>
<subfield code="a">mseg 2016-08-12</subfield>
<subfield code="a">mseg 2019-01-30</subfield>
</datafield>
<datafield ind1=" " ind2=" " tag="010">
<subfield code="a"> 2010655343</subfield>
</datafield>
<datafield ind1=" " ind2=" " tag="040">
<subfield code="a">DLC</subfield>
<subfield code="c">DLC</subfield>
<subfield code="e">dacs</subfield>
<subfield code="d">DLC</subfield>
</datafield>
<datafield ind1="0" ind2=" " tag="041">
<subfield code="d">gem</subfield>
<subfield code="d">eng</subfield>
</datafield>
<datafield ind1=" " ind2=" " tag="043">
<subfield code="a">n-us-pa</subfield>
</datafield>
<datafield ind1=" " ind2=" " tag="090">
<subfield code="a">WIRE 00629-00649; WIRE 00813-00824</subfield>
</datafield>
<datafield ind1=" " ind2=" " tag="090">
<subfield code="a">AFC 1970/004</subfield>
</datafield>
<datafield ind1="0" ind2="0" tag="245">
<subfield code="a">Don Yoder collection of wire recordings</subfield>
<subfield code="h">[sound recording].</subfield>
</datafield>
<datafield ind1=" " ind2=" " tag="260">
<subfield code="c">1950-1960.</subfield>
</datafield>
<datafield ind1=" " ind2=" " tag="300">
<subfield code="3">manuscripts</subfield>
<subfield code="a">2 slips of paper + 26 sound wire reel containers.</subfield>
</datafield>
<datafield ind1=" " ind2=" " tag="300">
<subfield code="3">sound recordings</subfield>
<subfield code="a">33 sound wire reels :</subfield>
<subfield code="b">analog ;</subfield>
<subfield code="c">3 in.</subfield>
</datafield>
<datafield ind1=" " ind2=" " tag="500">
<subfield code="a">
Library of Congress duplication project, circa 1970. During duplication, some of the wire reels originally acquired were found to be blank; the blank reels were deaccessioned. The remaining original wire recordings were retained by the American Folklife Center, Archive of Folk Culture.
</subfield>
</datafield>
<datafield ind1="0" ind2=" " tag="511">
<subfield code="a">
Various performers and interviewees including Emma L. Yoder, Harry Lewis, Beulah Mae Lewis, Oliver Franklin Follweiler, Harvey Brunner Musselman, Miriam Hollenbach, Aggie Osman, Valeria Gable, Florence Gable, Florence Deibler, Martin Sweigert, Sophia Bailer, William (Willie) Brown, Christian R. Longenecker, Charles Fassnacht, Ella Fassnacht, Wesley Pfautz Martin, Mrs. Wesley P. Martin, and others.
</subfield>
</datafield>
<datafield ind1=" " ind2=" " tag="518">
<subfield code="a">
Recorded by Don Yoder and others at various locations in the Pennsylvania Dutch region of eastern Pennsylvania in 1950-1951, 1960, and possibly on other dates. Locations include Lancaster County, Lebanon County, Schuylkill County, Lehigh County, and Berks County, Pennsylvania.
</subfield>
</datafield>
<datafield ind1="0" ind2=" " tag="545">
<subfield code="a">
Don Yoder, Professor of Folklore and Religious Studies, University of Pennsylvania, emeritus; author; ethnographer.
</subfield>
</datafield>
<datafield ind1=" " ind2=" " tag="520">
<subfield code="a">
Collection of field recordings of hymns and spirituals of Pennsylvania Dutch Evangelical United Brethren, United Christian, and Mennonite singers; humorous songs, secular folk songs, jokes, hymns, religious beliefs, tales, and conversations in Pennsylvania German; hymns, ballads, folk songs, tales, and ghost stories in English. Several interviews are about holidays, camp meetings, and traditional healing, including Sophia Bailer's discussion of Pennsylvania Dutch blessings for healing -- "brauche" -- also known as powwowing. Musical accompaniment includes guitar and fiddle for some recordings. One wire spool includes a radio broadcast from station WEEU of a program on "Pennsylvania Dutch folklore" presented by John B. Brendel.
</subfield>
</datafield>
<datafield ind1="8" ind2=" " tag="524">
<subfield code="a">
Don Yoder collection of wire recordings (AFC 1970/004), Archive of Folk Culture, American Folklife Center, Library of Congress, Washington, D.C.
</subfield>
</datafield>
<datafield ind1=" " ind2=" " tag="540">
<subfield code="a">
Duplication of sound recordings may be governed by copyright and other restrictions.
</subfield>
</datafield>
<datafield ind1="0" ind2=" " tag="506">
<subfield code="a">
Collection is open for research. To request materials, please contact the Folklife Reading Room at
</subfield>
<subfield code="u">http://hdl.loc.gov/loc.afc/folklife.contact</subfield>
</datafield>
<datafield ind1=" " ind2=" " tag="533">
<subfield code="a">Preservation master.</subfield>
<subfield code="b">Washington, D.C. :</subfield>
<subfield code="c">Library of Congress Recording Laboratory,</subfield>
<subfield code="d">circa 1977[?]</subfield>
<subfield code="e">
4 sound tape reels : analog, 7 1/2 ips, mono. ; 10 in.
</subfield>
</datafield>
<datafield ind1=" " ind2=" " tag="541">
<subfield code="a">Don Yoder;</subfield>
<subfield code="c">Loan for duplication, tape exchange;</subfield>
<subfield code="d">1977.</subfield>
</datafield>
<datafield ind1=" " ind2=" " tag="541">
<subfield code="a">William Woys Weaver;</subfield>
<subfield code="c">Donation (12 wire reels);</subfield>
<subfield code="d">2015.</subfield>
</datafield>
<datafield ind1=" " ind2=" " tag="546">
<subfield code="a">
Sound recordings predominantly in Pennsylvania German; some are in English.
</subfield>
</datafield>
<datafield ind1=" " ind2=" " tag="555">
<subfield code="a">Recording logs prepared by Keith Reigart.</subfield>
</datafield>
<datafield ind1="0" ind2=" " tag="555">
<subfield code="a">
Finding aid is available in the Folklife Reading Room, Library of Congress, and online
</subfield>
<subfield code="u">http://hdl.loc.gov/loc.afc/eadafc.af013001</subfield>
</datafield>
<datafield ind1=" " ind2=" " tag="581">
<subfield code="a">
Some collection materials were published in: Yoder, Don. Pennsylvania Spirituals (Lancaster, Pennsylvania: Pennsylvania Folklife Society, 1961 and in Boyer, Walter E., Albert F. Buffington, and Don Yoder. Songs along the Mahantongo (Lancaster: Pennsylvania Dutch Folklore Center, 1951).
</subfield>
</datafield>
<datafield ind1="2" ind2="0" tag="610">
<subfield code="a">WEEU (Radio station : Reading, Pa.)</subfield>
</datafield>
<datafield ind1="2" ind2="0" tag="610">
<subfield code="a">Evangelical United Brethren Church.</subfield>
</datafield>
<datafield ind1="2" ind2="0" tag="610">
<subfield code="a">Mennonite Brethren in Christ.</subfield>
</datafield>
<datafield ind1="2" ind2="0" tag="610">
<subfield code="a">United Christian Church.</subfield>
</datafield>
<datafield ind1="2" ind2="0" tag="610">
<subfield code="a">United Zion Church.</subfield>
</datafield>
<datafield ind1=" " ind2="0" tag="650">
<subfield code="a">Folk songs, Pennsylvania German</subfield>
<subfield code="z">Pennsylvania.</subfield>
</datafield>
<datafield ind1=" " ind2="0" tag="650">
<subfield code="a">Revival hymns</subfield>
<subfield code="z">Pennsylvania.</subfield>
</datafield>
<datafield ind1=" " ind2="0" tag="650">
<subfield code="a">Pennsylvania Dutch</subfield>
<subfield code="z">Pennsylvania</subfield>
<subfield code="v">Music.</subfield>
</datafield>
<datafield ind1=" " ind2="0" tag="650">
<subfield code="a">Pennsylvania Dutch</subfield>
<subfield code="z">Pennsylvania</subfield>
<subfield code="x">Social life and customs.</subfield>
</datafield>
<datafield ind1=" " ind2="0" tag="650">
<subfield code="a">Pennsylvania Dutch</subfield>
<subfield code="z">Pennsylvania</subfield>
<subfield code="x">Religion.</subfield>
</datafield>
<datafield ind1=" " ind2="0" tag="650">
<subfield code="a">Pennsylvania Dutch</subfield>
<subfield code="z">Pennsylvania</subfield>
<subfield code="v">Folklore.</subfield>
</datafield>
<datafield ind1=" " ind2="0" tag="650">
<subfield code="a">Hymns, Pennsylvania German</subfield>
<subfield code="z">Pennsylvania.</subfield>
</datafield>
<datafield ind1=" " ind2="0" tag="650">
<subfield code="a">Hymns, German</subfield>
<subfield code="z">Pennsylvania.</subfield>
</datafield>
<datafield ind1=" " ind2="0" tag="650">
<subfield code="a">Humorous songs</subfield>
<subfield code="z">Pennsylvania.</subfield>
</datafield>
<datafield ind1=" " ind2="0" tag="650">
<subfield code="a">Mennonites</subfield>
<subfield code="z">Pennsylvania</subfield>
<subfield code="v">Hymns.</subfield>
</datafield>
<datafield ind1=" " ind2="0" tag="650">
<subfield code="a">Folk songs, English</subfield>
<subfield code="z">Pennsylvania.</subfield>
</datafield>
<datafield ind1=" " ind2="0" tag="650">
<subfield code="a">Ballads, English</subfield>
<subfield code="z">Pennsylvania.</subfield>
</datafield>
<datafield ind1=" " ind2="0" tag="650">
<subfield code="a">Hymns, English</subfield>
<subfield code="z">Pennsylvania.</subfield>
</datafield>
<datafield ind1=" " ind2="0" tag="650">
<subfield code="a">Tales</subfield>
<subfield code="z">Pennsylvania.</subfield>
</datafield>
<datafield ind1=" " ind2="0" tag="650">
<subfield code="a">Ghost stories</subfield>
<subfield code="z">Pennsylvania.</subfield>
</datafield>
<datafield ind1=" " ind2="0" tag="650">
<subfield code="a">Camp meetings</subfield>
<subfield code="z">Pennsylvania.</subfield>
</datafield>
<datafield ind1=" " ind2="0" tag="650">
<subfield code="a">Healing</subfield>
<subfield code="z">Pennsylvania</subfield>
<subfield code="x">Religious aspects.</subfield>
</datafield>
<datafield ind1=" " ind2="7" tag="650">
<subfield code="a">Powwows (healers)</subfield>
<subfield code="2">afset</subfield>
</datafield>
<datafield ind1=" " ind2="0" tag="650">
<subfield code="a">Field recordings</subfield>
<subfield code="z">Pennsylvania.</subfield>
</datafield>
<datafield ind1=" " ind2="7" tag="655">
<subfield code="a">Interviews.</subfield>
<subfield code="2">aat</subfield>
</datafield>
<datafield ind1=" " ind2="7" tag="655">
<subfield code="a">Prayers.</subfield>
<subfield code="2">aat</subfield>
</datafield>
<datafield ind1=" " ind2="7" tag="655">
<subfield code="a">Jokes.</subfield>
<subfield code="2">afset</subfield>
</datafield>
<datafield ind1=" " ind2="7" tag="655">
<subfield code="a">Field recordings.</subfield>
<subfield code="2">lcgft</subfield>
</datafield>
<datafield ind1=" " ind2="7" tag="655">
<subfield code="a">Radio programs.</subfield>
<subfield code="2">lcgft</subfield>
</datafield>
<datafield ind1="1" ind2=" " tag="700">
<subfield code="a">Yoder, Don,</subfield>
<subfield code="e">collector.</subfield>
</datafield>
<datafield ind1="1" ind2=" " tag="700">
<subfield code="a">Bailer, Sophia,</subfield>
<subfield code="e">performer,</subfield>
<subfield code="e">interviewee.</subfield>
</datafield>
<datafield ind1="1" ind2=" " tag="700">
<subfield code="a">Brendel, John B.,</subfield>
<subfield code="d">1911-1971,</subfield>
<subfield code="e">speaker.</subfield>
</datafield>
<datafield ind1=" " ind2=" " tag="852">
<subfield code="a">Library of Congress</subfield>
<subfield code="b">Archive of Folk Culture, American Folklife Center,</subfield>
<subfield code="e">
101 Independence Ave. S.E., Washington, DC USA 20540-4610
</subfield>
<subfield code="u">http://hdl.loc.gov/loc.afc/folklife.home</subfield>
</datafield>
<datafield ind1="4" ind2="2" tag="856">
<subfield code="3">Finding aid</subfield>
<subfield code="u">http://hdl.loc.gov/loc.afc/eadafc.af013001</subfield>
</datafield>
<datafield ind1=" " ind2=" " tag="985">
<subfield code="a">afc/ead</subfield>
</datafield>
<datafield ind1=" " ind2=" " tag="985">
<subfield code="a">afc/coll</subfield>
</datafield>
</record>
</collection>